<collection xmlns="http://www.loc.gov/MARC21/slim">
<record>
  <leader>01327nam0a22002411i 450 </leader>
  <controlfield tag="001">IT\ICCU\CNCE\063065</controlfield>
  <controlfield tag="005">20051219000000.0</controlfield>
  <datafield tag="012" ind1=" " ind2=" ">
    <subfield code="a">ami- i-m. n-o- tipe (3) 1590 (R)</subfield>
    <subfield code="2">fei</subfield>
  </datafield>
  <datafield tag="100" ind1=" " ind2=" ">
    <subfield code="a">20051219d1590        0itac0103    ba</subfield>
  </datafield>
  <datafield tag="101" ind1=" " ind2=" ">
    <subfield code="a">LAT</subfield>
  </datafield>
  <datafield tag="102" ind1=" " ind2=" ">
    <subfield code="a">IT</subfield>
  </datafield>
  <datafield tag="200" ind1="1" ind2=" ">
    <subfield code="a">Speculum confessorum, &amp; lumen conscientiae: continens plenam normam confitendi, &amp; examinandi commissa scelera omnesque &amp; singulos casus conscientiae occurrentes per venerandum fratrem Matthaeum Corradonum de Cilento Ordinis minorum regulae obseruantiae; iam a foedissimis vitijs purgatum</subfield>
  </datafield>
  <datafield tag="210" ind1=" " ind2=" ">
    <subfield code="a">In Venetia</subfield>
    <subfield code="c">appresso Nicol ̣Moretti</subfield>
    <subfield code="d">1590</subfield>
  </datafield>
  <datafield tag="215" ind1=" " ind2=" ">
    <subfield code="a">86, \2! c.</subfield>
    <subfield code="d">16ʻ</subfield>
  </datafield>
  <datafield tag="620" ind1=" " ind2=" ">
    <subfield code="a">IT</subfield>
    <subfield code="d">Venezia</subfield>
  </datafield>
  <datafield tag="700" ind1=" " ind2="1">
    <subfield code="a">Corradone,</subfield>
    <subfield code="b">Matteo</subfield>
    <subfield code="3">IT\ICCU\CNCA\003512</subfield>
  </datafield>
  <datafield tag="712" ind1="0" ind2="0">
    <subfield code="a"></subfield>
    <subfield code="3">IT\ICCU\CNCT\000008</subfield>
    <subfield code="4">650</subfield>
  </datafield>
  <datafield tag="790" ind1=" " ind2="1">
    <subfield code="a">Corradonus,</subfield>
    <subfield code="b">Matthaeus</subfield>
    <subfield code="3">IT\ICCU\CNCA\013995</subfield>
    <subfield code="z">Corradone, Matteo</subfield>
  </datafield>
  <datafield tag="791" ind1="0" ind2="0">
    <subfield code="a">Moretus, Nicolaus</subfield>
    <subfield code="3">IT\ICCU\CNCT\002383</subfield>
    <subfield code="z"></subfield>
  </datafield>
  <datafield tag="791" ind1="0" ind2="0">
    <subfield code="a">Morettus, Nicolaus</subfield>
    <subfield code="3">IT\ICCU\CNCT\005222</subfield>
    <subfield code="z"></subfield>
  </datafield>
  <datafield tag="801" ind1=" " ind2="3">
    <subfield code="a">IT</subfield>
    <subfield code="b">ICCU</subfield>
    <subfield code="c">20201115</subfield>
  </datafield>
  <datafield tag="899" ind1=" " ind2=" ">
    <subfield code="a">Biblioteca Arcivescovile. Udine</subfield>
    <subfield code="1">UD0100</subfield>
    <subfield code="2">ZUD 11</subfield>
  </datafield>
  <datafield tag="921" ind1=" " ind2=" ">
    <subfield code="a">IT\ICCU\CNCM\000279</subfield>
    <subfield code="b">Fortuna (donna in mare con vela al vento). Nell&apos;ovale in basso un leone rampante. In cornice figurata</subfield>
    <subfield code="e">Non bis</subfield>
    <subfield code="c">V406</subfield>
    <subfield code="c">Z571</subfield>
    <subfield code="d">Dimensioni: 3,7 x 3</subfield>
    <subfield code="f">BRACCIO</subfield>
    <subfield code="f">FORTUNA</subfield>
    <subfield code="f">NONBIS</subfield>
    <subfield code="f">NUVOLE</subfield>
    <subfield code="f">VELA</subfield>
    <subfield code="g">1574-1598</subfield>
  </datafield>
</record>
</collection>
